@BOOK{Berger-Casella,
  title     = "Statistical Inference",
  author    = "Berger, Roger and Casella, George",
  publisher = "Duxbury Press",
  edition   =  2,
  month     =  jun,
  year      =  2001,
  address   = "Florence, AL"
}
